%%%%%%%%%%%%%%%%%%%%%%%%%%%%%%%%%%%%%%%%%%%%%%%%%%%%%%%%%%%%%%%%%%%%%%%%%%%%%%%%%%%%%%
%
%				REFERENCES
%
%%%%%%%%%%%%%%%%%%%%%%%%%%%%%%%%%%%%%%%%%%%%%%%%%%%%%%%%%%%%%%%%%%%%%%%%%%%%%%%%%%%%%%

@article{Butler:2011:ACM:1936313.1936334,
 author = {Butler, Margaret},
 title = {Android: Changing the Mobile Landscape},
 journal = {IEEE Pervasive Computing},
 issue_date = {January 2011},
 volume = {10},
 number = {1},
 month = jan,
 year = {2011},
 issn = {1536-1268},
 pages = {4--7},
 numpages = {4},
 url = {http://dx.doi.org/10.1109/MPRV.2011.1},
 doi = {10.1109/MPRV.2011.1},
 acmid = {1936334},
 publisher = {IEEE Educational Activities Department},
 address = {Piscataway, NJ, USA},
 keywords = {Android, Android, App Inventor for Android, iPhone, Apple App Store, BlackBerry, Technovation, App Inventor for Android, Apple App Store, BlackBerry, Technovation, iPhone},
}

@article{Charland:2011:MAD:1941487.1941504,
 author = {Charland, Andre and Leroux, Brian},
 title = {Mobile application development: web vs. native},
 journal = {Commun. ACM},
 issue_date = {May 2011},
 volume = {54},
 number = {5},
 month = may,
 year = {2011},
 issn = {0001-0782},
 pages = {49--53},
 numpages = {5},
 url = {http://doi.acm.org/10.1145/1941487.1941504},
 doi = {10.1145/1941487.1941504},
 acmid = {1941504},
 publisher = {ACM},
 address = {New York, NY, USA},
}

@inproceedings{Goadrich:2011:SSD:1953163.1953330,
 author = {Goadrich, Mark H. and Rogers, Michael P.},
 title = {Smart smartphone development: iOS versus android},
 booktitle = {Proceedings of the 42nd ACM technical symposium on Computer science education},
 series = {SIGCSE '11},
 year = {2011},
 isbn = {978-1-4503-0500-6},
 location = {Dallas, TX, USA},
 pages = {607--612},
 numpages = {6},
 url = {http://doi.acm.org/10.1145/1953163.1953330},
 doi = {10.1145/1953163.1953330},
 acmid = {1953330},
 publisher = {ACM},
 address = {New York, NY, USA},
 keywords = {android, apps, eclipse, iOS, iphone, java, mobile devices, objective-c, smartphones, xcode},
}

@misc{Graziano:2012,
	author = {D Graziano},
	title = {Mobile market share 2012: Android continues its success, iOS follows},
	year = {2012},
	howpublished	= {URL: \url{http://bgr.com/2012/12/04/mobile-market-share-2012-android/}},
	url = {http://bgr.com/2012/12/04/mobile-market-share-2012-android/},
	note = {Online; Accessed January 22, 2013},
}

@inproceedings{Wasserman:2010:SEI:1882362.1882443,
 author = {Wasserman, Anthony I.},
 title = {Software engineering issues for mobile application development},
 booktitle = {Proceedings of the FSE/SDP workshop on Future of software engineering research},
 series = {FoSER '10},
 year = {2010},
 isbn = {978-1-4503-0427-6},
 location = {Santa Fe, New Mexico, USA},
 pages = {397--400},
 numpages = {4},
 url = {http://doi.acm.org/10.1145/1882362.1882443},
 doi = {10.1145/1882362.1882443},
 acmid = {1882443},
 publisher = {ACM},
 address = {New York, NY, USA},
 keywords = {application development, mobile devices, programming environments, research agenda, software engineering, user interface design},
}

@book{coulouris:2012,
	author 		= {Coulouris and Dollimore, Jean and Kindberg, Tim and Blair, Gordon},
	title 		= {Distributed Systems: Concepts and Design (Fifth Edition)},
	year			= {2012},
	isbn			= {0132143011},
	publisher	= {Addison-Wesley Longman Publishing Co., Inc.},
	address		= {Boston, MA, USA},
	edition		= {5},
	pages			= {1067}
}









